<?xml version="1.0" encoding="UTF-8"?><collection xmlns="http://www.loc.gov/MARC21/slim"><record><leader>00719nam--2200193-u-4500</leader><controlfield tag="001">000053063</controlfield><controlfield tag="002">20161230</controlfield><controlfield tag="005">20161230201050</controlfield><controlfield tag="008">110104s1000------------r-----000-0-eng-d</controlfield><datafield ind1=" " ind2=" " tag="020"><subfield code="a">0735400830</subfield></datafield><datafield ind1=" " ind2=" " tag="040"><subfield code="a">IFIN-HH</subfield></datafield><datafield ind1=" " ind2=" " tag="080"><subfield code="a">538.915:538.935(063)</subfield></datafield><datafield ind1="1" ind2=" " tag="100"><subfield code="a">Mancini, Fernando</subfield></datafield><datafield ind1="1" ind2="0" tag="245"><subfield code="a">Lectures on the physics of highly correlated electron systems vi</subfield><subfield code="b">Sixth training course in the physics of correlated electron systems and high-tc superconductors salerno, italy 8-19 october 2001</subfield><subfield code="c">FERNANDO MANCINI (Ed.)</subfield></datafield><datafield ind1=" " ind2=" " tag="260"><subfield code="a">Melville, New York</subfield><subfield code="b">American Institute Of Physics</subfield><subfield code="c">2002</subfield></datafield><datafield ind1=" " ind2=" " tag="300"><subfield code="a">243P</subfield></datafield><datafield ind1=" " ind2=" " tag="490"><subfield code="a">Aip Conference Proceedings</subfield><subfield code="v">Vol. 629</subfield></datafield><datafield ind1=" " ind2=" " tag="852"><subfield code="a">81745</subfield><subfield code="c">538.9</subfield></datafield><datafield ind1=" " ind2=" " tag="CAT"><subfield code="a">Sys</subfield><subfield code="c">20110104</subfield><subfield code="h">115034</subfield></datafield></record></collection>